

@misc{CXX_DRAFT,
author = {},
title = {N3797 - {W}orking {D}raft, {S}tandard for {P}rogramming {L}anguage {C}++},
year = {2013},
note = {\url{http://www.open-std.org/jtc1/sc22/wg21/docs/papers/2013/n3797.pdf}}
}

@misc{BOOST_THREAD,
author = {Anthony Williams, Vicente J. Botet Escriba},
title = {{B}oost.{T}hread},
year = {2013},
note = {\url{http://www.boost.org/doc/libs/1_55_0/doc/html/thread.html}}
}

@misc{N3784,
author = {Vicente J. Botet Escriba},
title = {N3784,Improvements to std::future<T> and Related APIs},
year = {2013},
note = {\url{http://www.open-std.org/JTC1/SC22/WG21/docs/papers/2013/n3784.pdf}}
}
